<record><leader>00000cas a22000007a 4500</leader><controlfield tag="001">20335875</controlfield><controlfield tag="008">890913d19801982mouwr ne      0    0eng d</controlfield><datafield ind1=" " ind2=" " tag="010"><subfield code="a">sn 89067006 </subfield></datafield><datafield ind1=" " ind2=" " tag="040"><subfield code="a">MQN</subfield><subfield code="b">eng</subfield><subfield code="c">MQN</subfield><subfield code="d">OCLCQ</subfield><subfield code="d">OCLCF</subfield><subfield code="d">OCLCO</subfield></datafield><datafield ind1="1" ind2=" " tag="029"><subfield code="a">AU@</subfield><subfield code="b">000020620804</subfield></datafield><datafield ind1=" " ind2=" " tag="042"><subfield code="a">msc</subfield></datafield><datafield ind1=" " ind2=" " tag="043"><subfield code="a">n-us-mo</subfield></datafield><datafield ind1="0" ind2="0" tag="245"><subfield code="a">Mineral area press.</subfield></datafield><datafield ind1=" " ind2=" " tag="260"><subfield code="a">Farmington, Mo. :</subfield><subfield code="b">Tom Schmitt</subfield></datafield><datafield ind1=" " ind2=" " tag="300"><subfield code="a">v.</subfield></datafield><datafield ind1=" " ind2=" " tag="310"><subfield code="a">Weekly</subfield></datafield><datafield ind1="0" ind2=" " tag="362"><subfield code="a">-Apr. 20, 1982.</subfield></datafield><datafield ind1=" " ind2=" " tag="588"><subfield code="a">Description based on: Dec. 2, 1980.</subfield></datafield><datafield ind1=" " ind2="0" tag="651"><subfield code="a">Saint Francois County (Mo.)</subfield><subfield code="v">Newspapers.</subfield></datafield><datafield ind1=" " ind2="7" tag="655"><subfield code="a">Newspapers.</subfield><subfield code="2">fast</subfield><subfield code="0">(OCoLC)fst01423814</subfield></datafield><datafield ind1=" " ind2="7" tag="651"><subfield code="a">Missouri</subfield><subfield code="z">Saint Francois County.</subfield><subfield code="2">fast</subfield><subfield code="0">(OCoLC)fst01215965</subfield></datafield><datafield ind1=" " ind2=" " tag="752"><subfield code="a">United States</subfield><subfield code="b">Missouri</subfield><subfield code="c">Saint Francois</subfield><subfield code="d">Farmington.</subfield></datafield><datafield ind1="0" ind2="0" tag="780"><subfield code="t">St. Francois County press and green sheet</subfield></datafield><datafield ind1="0" ind2="4" tag="785"><subfield code="t">Tuesday Farmington press</subfield><subfield code="w">(DLC)sn 89067005</subfield></datafield></record>